<?xml version="1.0" encoding="UTF-8"?><collection xmlns="http://www.loc.gov/MARC21/slim"><record><leader>00590nam--2200169-i-4500</leader><controlfield tag="001">000009022</controlfield><controlfield tag="002">20161230</controlfield><controlfield tag="005">20170225201138</controlfield><controlfield tag="008">060222s1000------------r-----000-0-eng-d</controlfield><datafield ind1=" " ind2=" " tag="100"><subfield code="a">Danisor, N</subfield></datafield><datafield ind1=" " ind2=" " tag="245"><subfield code="a">Asigurarea continuitatii in alimentarea cu energie electrica a consumatorilor din industria chimica</subfield></datafield><datafield ind1=" " ind2=" " tag="260"><subfield code="a">Bucuresti</subfield><subfield code="b">Consiliul National Al Inginerilor Si Tehnicienilor</subfield><subfield code="c">1969</subfield></datafield><datafield ind1=" " ind2=" " tag="300"><subfield code="a">22 p</subfield></datafield><datafield ind1=" " ind2=" " tag="490"><subfield code="a">A Doua Conferinta A Electricienilor. III. Sectia Sisteme, Centrale Si Utilizarea</subfield></datafield><datafield ind1=" " ind2=" " tag="500"><subfield code="a">Energiei electrice</subfield></datafield><datafield ind1=" " ind2=" " tag="852"><subfield code="a">620.91</subfield></datafield><datafield ind1=" " ind2=" " tag="CAT"><subfield code="a">SYS</subfield><subfield code="c">20170225</subfield><subfield code="h">201138</subfield></datafield></record></collection>